<?xml version="1.0" encoding="UTF-8"?><collection xmlns="http://www.loc.gov/MARC21/slim"><record><leader>00496nam--2200193-u-4500</leader><controlfield tag="001">000052549</controlfield><controlfield tag="002">20161230</controlfield><controlfield tag="005">20161230201050</controlfield><controlfield tag="008">100907s1000------------r-----000-0-rus-d</controlfield><datafield ind1=" " ind2=" " tag="040"><subfield code="a">IFIN-HH</subfield></datafield><datafield ind1=" " ind2=" " tag="041"><subfield code="a">rus</subfield></datafield><datafield ind1=" " ind2=" " tag="080"><subfield code="a">533.15</subfield></datafield><datafield ind1="1" ind2=" " tag="100"><subfield code="a">Kovenia, V.M</subfield></datafield><datafield ind1="1" ind2="0" tag="245"><subfield code="a">Metod rasshepleniia v zadaciah gazovoi dinamiki</subfield><subfield code="c">V.M. Kovenia, N.N. Ianenko</subfield></datafield><datafield ind1=" " ind2=" " tag="260"><subfield code="a">Novosibirsk</subfield><subfield code="b">Nauka</subfield><subfield code="c">1981</subfield></datafield><datafield ind1=" " ind2=" " tag="300"><subfield code="a">304 p</subfield></datafield><datafield ind1="1" ind2=" " tag="700"><subfield code="a">Ianenko, N.N</subfield></datafield><datafield ind1=" " ind2=" " tag="852"><subfield code="a">70028</subfield><subfield code="c">533.6</subfield></datafield><datafield ind1=" " ind2=" " tag="CAT"><subfield code="a">Sys</subfield><subfield code="c">20100907</subfield><subfield code="h">123840</subfield></datafield></record></collection>